@Comment{$ biblatex control file $}
<<<<<<< HEAD
@Comment{$ biblatex version 2.8 $}
=======
@Comment{$ biblatex version 2.7 $}
>>>>>>> c320a36f3493b7843c174c7d3d480828eb1c321e
Do not modify this file!

This is an auxiliary file used by the 'biblatex' package.
This file may safely be deleted. It will be recreated as
required.

@Control{biblatex-control,
<<<<<<< HEAD
  options = {2.8:0:0:1:0:1:1:0:0:0:0:1:3:1:79:+:nty},
=======
  options = {2.7:0:0:1:0:1:1:0:0:0:0:1:3:1:79:+:nty},
>>>>>>> c320a36f3493b7843c174c7d3d480828eb1c321e
}
